@article{Geirhos_2020,
  doi       = {10.1038/s42256-020-00257-z},
  url       = {https://doi.org/10.1038\%2Fs42256-020-00257-z},
  year      = 2020,
  month     = {nov},
  publisher = {Springer Science and Business Media {LLC}
               },
  volume    = {2},
  number    = {11},
  pages     = {665--673},
  author    = {Robert Geirhos and JÃ¶rn-Henrik Jacobsen and Claudio Michaelis and Richard Zemel and Wieland Brendel and Matthias Bethge and Felix A. Wichmann},
  title     = {Shortcut learning in deep neural networks},
  journal   = {Nature Machine Intelligence}
}

@misc{dasgupta2022distinguishing,
  title         = {Distinguishing rule- and exemplar-based generalization in learning systems},
  author        = {Ishita Dasgupta and Erin Grant and Thomas L. Griffiths},
  year          = {2022},
  eprint        = {2110.04328},
  archiveprefix = {arXiv},
  primaryclass  = {cs.LG}
}

@misc{chan2022transformers,
  title         = {Transformers generalize differently from information stored in context vs in weights},
  author        = {Stephanie C. Y. Chan and Ishita Dasgupta and Junkyung Kim and Dharshan Kumaran and Andrew K. Lampinen and Felix Hill},
  year          = {2022},
  eprint        = {2210.05675},
  archiveprefix = {arXiv},
  primaryclass  = {cs.CL}
}

@misc{lake2018generalization,
  title         = {Generalization without systematicity: On the compositional skills of sequence-to-sequence recurrent networks},
  author        = {Brenden M. Lake and Marco Baroni},
  year          = {2018},
  eprint        = {1711.00350},
  archiveprefix = {arXiv},
  primaryclass  = {cs.CL}
}